@article{LinearLogic,
	author = { Jean-Yves Girard },
	year   = { 1987 },
	title  = { Linear Logic },
	journal = { Theoretical Computer Science },
}
@article{HarlandPym,
	author = { James Harland and David Pym },
	year   = { 2018 },
	title  = { Resource-distribution via Boolean constraints }
}
@article{LiangMiller,
	author  = { Chuck Liang and Dale Miller },
	year    = { 2009 },
	title   = { Focusing and polarization in linear, intuitionistic, and classical logics },
	journal = { Theoretical Computer Science },
	publisher = { Elsevier }

}
@misc{llprover,
	title = { A Linear Logic Prover (llprover) },
	author = { Naoyuki Tamura },
	howpublished = {\url{https://cspsat.gitlab.io/llprover/}},
	note = { Accessed: 2024-03-20 }
}
@misc{llpm,
	title = { Linear Logic Prover in Maude },
	author = { Carlos Olarte },
	howpublished = {\url{https://github.com/carlosolarte/Linear-Logic-Prover-in-Maude}},
	note = { Accessed: 2024-03-20 }
}
